@article{tut,
  title={Tutorial on support vector machine (svm)},
  author={Jakkula, Vikramaditya},
  journal={School of EECS, Washington State University},
  volume={37},
  number={2.5},
  pages={3},
  year={2006}
}

@inbook{svm, place={Cambridge}, title={Support Vector Machines}, DOI={10.1017/CBO9780511801389.008}, booktitle={An Introduction to Support Vector Machines and Other Kernel-based Learning Methods}, publisher={Cambridge University Press}, author={Cristianini, Nello and Shawe-Taylor, John}, year={2000}, pages={93â€“124}}

@article{hybrid,
  title={Support vector machines for a new hybrid information retrieval system},
  author={Khalifi, Hamid and Elqadi, Abderrahim and Ghanou, Youssef},
  journal={Procedia Computer Science},
  volume={127},
  pages={139--145},
  year={2018},
  publisher={Elsevier}
}

@ARTICLE{kmeans,
  author={Sinaga, Kristina P. and Yang, Miin-Shen},
  journal={IEEE Access}, 
  title={Unsupervised K-Means Clustering Algorithm}, 
  year={2020},
  volume={8},
  number={},
  pages={80716-80727},
  doi={10.1109/ACCESS.2020.2988796}}

@ARTICLE{kernel,
  author={Scholkopf, B. and Mika, S. and Burges, C.J.C. and Knirsch, P. and Muller, K.-R. and Ratsch, G. and Smola, A.J.},
  journal={IEEE Transactions on Neural Networks}, 
  title={Input space versus feature space in kernel-based methods}, 
  year={1999},
  doi={10.1109/72.788641}}